<record xmlns="http://www.loc.gov/MARC21/slim" xmlns:xsi="http://www.w3.org/2001/XMLSchema-instance" xsi:schemaLocation="http://www.loc.gov/MARC21/slim http://www.loc.gov/standards/marcxml/schema/MARC21slim.xsd"><leader>00971cz   2200265n  4500</leader><controlfield tag="001">oca00249592 </controlfield><controlfield tag="005">20011122072103.0</controlfield><controlfield tag="008">790524n| acannaabn          |a aaa      </controlfield><datafield ind1=" " ind2=" " tag="010"><subfield code="a">n  79015690 </subfield></datafield><datafield ind1=" " ind2=" " tag="040"><subfield code="a">DLC</subfield><subfield code="b">eng</subfield><subfield code="c">DLC</subfield><subfield code="d">DLC</subfield><subfield code="d">ICU</subfield><subfield code="d">DLC</subfield><subfield code="d">OCoLC</subfield></datafield><datafield ind1=" " ind2="0" tag="053"><subfield code="a">PA6452</subfield><subfield code="b">PA6475</subfield></datafield><datafield ind1="0" ind2=" " tag="100"><subfield code="a">Livy</subfield></datafield><datafield ind1="0" ind2=" " tag="400"><subfield code="a">Tite-Live</subfield></datafield><datafield ind1="1" ind2=" " tag="400"><subfield code="a">Livius, Titus</subfield><subfield code="w">nna</subfield></datafield><datafield ind1="1" ind2=" " tag="400"><subfield code="a">Livyus, Titus</subfield></datafield><datafield ind1="1" ind2=" " tag="400"><subfield code="a">LiviiÌ&#x86;, Tit</subfield></datafield><datafield ind1="1" ind2=" " tag="400"><subfield code="a">Liwiusz, Tytus</subfield></datafield><datafield ind1="1" ind2=" " tag="400"><subfield code="a">Livio, Tito</subfield></datafield><datafield ind1="1" ind2=" " tag="400"><subfield code="a">Livius, T.</subfield><subfield code="q">(Titus)</subfield></datafield><datafield ind1="0" ind2=" " tag="400"><subfield code="a">Livio</subfield></datafield><datafield ind1=" " ind2=" " tag="670"><subfield code="a">His Las DeÌ&#x81;cadas de Tito Livio, 1982?:</subfield><subfield code="b">v. 1, t.p. (Tito Livio)</subfield></datafield><datafield ind1=" " ind2=" " tag="670"><subfield code="a">His Istoriiï¸&#160;aï¸¡ Rima ot osnovaniiï¸&#160;aï¸¡ goroda, 1989- :</subfield><subfield code="b">v. 1, t.p. (Tit LiviiÌ&#x86;) p. 5 (59 B.C.-17 A.D.)</subfield></datafield><datafield ind1=" " ind2=" " tag="670"><subfield code="a">nuc89-65998: His Ab urbe condita libri [MI]1873-1888</subfield><subfield code="b">(hdg. on MH rept.: Livy; usage: T. Livi)</subfield></datafield><datafield ind1=" " ind2=" " tag="670"><subfield code="a">His T. Livii Patavini Historiarum ab urbe condita libri qui supersunt, 1722.</subfield></datafield><datafield ind1=" " ind2=" " tag="670"><subfield code="a">Lo storico in parola, 1998:</subfield><subfield code="b">t.p. (Livio)</subfield></datafield></record>